% Books

@book{haccou_book, 
    place={Cambridge}, 
    series={Cambridge Studies in Adaptive Dynamics}, 
    title={Branching Processes: Variation, Growth, and Extinction of Populations}, 
    doi={10.1017/CBO9780511629136}, 
    publisher={Cambridge University Press}, 
    author={Haccou, Patsy and Jagers, Peter and Vatutin, Vladimir A.}, 
    year={2005}, 
    collection={Cambridge Studies in Adaptive Dynamics}
}

% Theory
@article {aeschbacher_2014,
	author = {Aeschbacher, Simon and B{\"u}rger, Reinhard},
	title = {{The Effect of Linkage on Establishment and Survival of Locally Beneficial Mutations}},
	volume = {197},
	number = {1},
	pages = {317--336},
	year = {2014},
	doi = {10.1534/genetics.114.163477},
	publisher = {Genetics},
	journal = {Genetics}
}

@article{massol_2015,
  author = {Massol, François and D\'{e}barre, Florence},
  title = {Evolution of dispersal in spatially and temporally variable environments: The importance of life cycles},
  journal = {Evolution},
  volume = {69},
  number = {7},
  pages = {1925-1937},
  doi = {10.1111/evo.12699},
  year = {2015}
}

@article{haldane_1927, 
    title={A Mathematical Theory of Natural and Artificial Selection, Part V: Selection and Mutation}, 
    volume={23}, 
    DOI={10.1017/S0305004100015644}, 
    number={7}, 
    journal={Mathematical Proceedings of the Cambridge Philosophical Society}, 
    publisher={Cambridge University Press}, 
    author={Haldane, J. B. S.}, 
    year={1927}, 
    pages={838–844}
}

@article{uecker_2014,
    author = {Uecker, Hildegard and Otto, Sarah P. and Hermisson, Joachim},
    title = {Evolutionary Rescue in Structured Populations.},
    journal = {The American Naturalist},
    volume = {183},
    number = {1},
    pages = {E17-E35},
    year = {2014},
    doi = {10.1086/673914}
}

@article{uecker_2015,
  doi = {10.1534/genetics.115.180299},
  year = {2016},
  publisher = {Genetics Society of America},
  volume = {202},
  number = {2},
  pages = {721--732},
  author = {Hildegard Uecker and Joachim Hermisson},
  title = {The Role of Recombination in Evolutionary Rescue},
  journal = {Genetics}
}

@article{uecker_2017,
  author = {Uecker, Hildegard},
  title = {Evolutionary rescue in randomly mating, selfing, and clonal populations},
  journal = {Evolution},
  volume = {71},
  number = {4},
  pages = {845-858},
  doi = {10.1111/evo.13191},
  year = {2017}
}

@article {tomasini_2018,
	author = {Tomasini, Matteo and Peischl, Stephan},
	title = {Establishment of Locally Adapted Mutations Under Divergent Selection},
	volume = {209},
	number = {3},
	pages = {885--895},
	year = {2018},
	doi = {10.1534/genetics.118.301104},
	publisher = {Genetics},
	journal = {Genetics}
}

@article{lenormand_2002,
  doi = {10.1016/s0169-5347(02)02497-7},
  year = {2002},
  publisher = {Elsevier {BV}},
  volume = {17},
  number = {4},
  pages = {183--189},
  author = {Thomas Lenormand},
  title = {Gene flow and the limits to natural selection},
  journal = {Trends in Ecology {\&} Evolution}
}

@article {tomasini_2019,
	author = {Tomasini, Matteo and Peischl, Stephan},
	title = {When does gene flow facilitate evolutionary rescue?},
	year = {2019},
	doi = {10.1101/622142},
	publisher = {Cold Spring Harbor Laboratory},
	journal = {bioRxiv}
}

@article{yamamichi_2015,
    author = {Yamamichi, Masato and Miner, Brooks E.},
    title = {Indirect evolutionary rescue: prey adapts, predator avoids extinction},
    journal = {Evolutionary Applications},
    volume = {8},
    number = {8},
    pages = {787--795},
    doi = {10.1111/eva.12295},
    year = {2015}
}

@article{nagylaki_1978,
	author = {Nagylaki, Thomas},
	title = {CLINES WITH ASYMMETRIC MIGRATION},
	volume = {88},
	number = {4},
	pages = {813--827},
	year = {1978},
	publisher = {Genetics},
	journal = {Genetics}
}

@article{wilson_2018,
	author = {Wilson, Benjamin A. and Pennings, Pleuni S. and Petrov, Dmitri A.},
	title = {Soft Selective Sweeps in Evolutionary Rescue},
	volume = {205},
	number = {4},
	pages = {1573--1586},
	year = {2017},
	doi = {10.1534/genetics.116.191478},
	publisher = {Genetics},
	journal = {Genetics}
}

@article{hermisson_2017,
    author = {Hermisson, Joachim and Pennings, Pleuni S.},
    title = {Soft sweeps and beyond: understanding the patterns and probabilities of selection footprints under rapid adaptation},
    journal = {Methods in Ecology and Evolution},
    volume = {8},
    number = {6},
    pages = {700--716},
    doi = {10.1111/2041-210X.12808},
    year = {2017}
}

@article{osmond_2019,
	author = {Osmond, Matthew M. and Otto, Sarah P. and Martin, Guillaume},
	title = {Genetic Paths to Evolutionary Rescue and the Distribution of Fitness Effects Along Them},
	year = {2019},
	doi = {10.1534/genetics.119.302890},
	publisher = {Genetics},
	journal = {Genetics}
}

@article{glemin_2013,
author = {Gl{\'e}min, Sylvain and Ronfort, Jo{\"e}lle},
title = {ADAPTATION AND MALADAPTATION IN SELFING AND OUTCROSSING SPECIES: NEW MUTATIONS VERSUS STANDING VARIATION},
journal = {Evolution},
volume = {67},
number = {1},
pages = {225-240},
doi = {10.1111/j.1558-5646.2012.01778.x},
year = {2013}
}

@article{osmond_2017,
author = {Osmond, Matthew M. and Otto, Sarah P. and Klausmeier, Christopher A.},
title = {When Predators Help Prey Adapt and Persist in a Changing Environment},
journal = {The American Naturalist},
volume = {190},
number = {1},
pages = {83-98},
year = {2017},
doi = {10.1086/691778},
}

@article{osmond_2013,
author = {Matthew Miles Osmond  and Claire de Mazancourt },
title = {How competition affects evolutionary rescue},
journal = {Philosophical Transactions of the Royal Society B: Biological Sciences},
volume = {368},
number = {1610},
pages = {20120085},
year = {2013},
doi = {10.1098/rstb.2012.0085}
}

@article{martin_2013,
author = {Guillaume Martin  and Robin Aguilée  and Johan Ramsayer  and Oliver Kaltz  and Ophélie Ronce },
title = {The probability of evolutionary rescue: towards a quantitative comparison between theory and evolution experiments},
journal = {Philosophical Transactions of the Royal Society B: Biological Sciences},
volume = {368},
number = {1610},
pages = {20120088},
year = {2013},
doi = {10.1098/rstb.2012.0088}
}

@article{tazzyman_2014,
author = {Tazzyman, Samuel J. and Bonhoeffer, Sebastian},
title = {PLASMIDS AND EVOLUTIONARY RESCUE BY DRUG RESISTANCE},
journal = {Evolution},
volume = {68},
number = {7},
pages = {2066-2078},
keywords = {Antibiotic resistance, evolutionary rescue, horizontal transfer, models/simulations, population genetics},
doi = {10.1111/evo.12423},
year = {2014}
}

@article{anciaux_2018,
	author = {Anciaux, Yoann and Chevin, Luis-Miguel and Ronce, Oph{\'e}lie and Martin, Guillaume},
	title = {Evolutionary Rescue over a Fitness Landscape},
	volume = {209},
	number = {1},
	pages = {265--279},
	year = {2018},
	doi = {10.1534/genetics.118.300908},
	publisher = {Genetics},
	journal = {Genetics}
}

@article {matuszewski_2015,
	author = {Matuszewski, Sebastian and Hermisson, Joachim and Kopp, Michael},
	title = {Catch Me if You Can: Adaptation from Standing Genetic Variation to a Moving Phenotypic Optimum},
	volume = {200},
	number = {4},
	pages = {1255--1274},
	year = {2015},
	doi = {10.1534/genetics.115.178574},
	publisher = {Genetics},
	journal = {Genetics}
}

% Simulation studies
@article{vuilleumier_2010,
    title = "Evolution in heterogeneous populations: From migration models to fixation probabilities",
    journal = "Theoretical Population Biology",
    volume = "78",
    number = "4",
    pages = "250 - 258",
    year = "2010",
    doi = "https://doi.org/10.1016/j.tpb.2010.08.004",
    author = "S. Vuilleumier and J. Goudet and N. Perrin",
}

@article{mortier_2018,
  doi = {10.1111/oik.05885},
  year = {2018},
  month = dec,
  publisher = {Wiley},
  volume = {128},
  number = {4},
  pages = {529--539},
  author = {Frederik Mortier and Staffan Jacob and Martijn L. Vandegehuchte and Dries Bonte},
  title = {Habitat choice stabilizes metapopulation dynamics by enabling ecological specialization},
  journal = {Oikos}
}

@Article{henry_2015,
  author="Henry, Roslyn C. and Coulon, Aur{\'e}lie and Travis, Justin M. J.",
  title="Dispersal asymmetries and deleterious mutations influence metapopulation persistence and range dynamics",
  journal="Evolutionary Ecology",
  year="2015",
  volume="29",
  number="6",
  pages="833--850",
  doi="10.1007/s10682-015-9777-4"
}

@article{edelaar_2017,
  doi = {10.1086/693345},
  year = {2017},
  month = oct,
  publisher = {University of Chicago Press},
  volume = {190},
  number = {4},
  pages = {506--520},
  author = {Pim Edelaar and Roger Jovani and Ivan Gomez-Mestre},
  title = {{Should I Change or Should I Go? Phenotypic Plasticity and Matching Habitat Choice in the Adaptation to Environmental Heterogeneity}},
  journal = {The American Naturalist}
}

@article{pellerin_2018,
  doi = {10.1111/oik.05309},
  year = {2018},
  month = sep,
  publisher = {Wiley},
  volume = {128},
  number = {2},
  pages = {221--234},
  author = {F{\'{e}}lix Pellerin and Julien Cote and Elvire Bestion and Robin Aguil{\'{e}}e},
  title = {Matching habitat choice promotes species persistence under climate change},
  journal = {Oikos}
}

@Article{holt_2015,
  author="Holt, Robert D. and Barfield, Michael",
  title="The influence of imperfect matching habitat choice on evolution in source--sink environments",
  journal="Evolutionary Ecology",
  year="2015",
  volume="29",
  number="6",
  pages="887--904",
  doi="10.1007/s10682-015-9789-0"
}

@article{nicolaus_2018,
  doi = {10.1002/ece3.3816},
  year = {2018},
  publisher = {Wiley},
  volume = {8},
  number = {8},
  pages = {3815--3827},
  author = {Marion Nicolaus and Pim Edelaar},
  title = {Comparing the consequences of natural selection,  adaptive phenotypic plasticity,  and matching habitat choice for phenotype-environment matching,  population genetic structure,  and reproductive isolation in meta-populations},
  journal = {Ecology and Evolution}
}

@article{schiffers_2013,
  author = {Katja Schiffers  and Elizabeth C. Bourne  and Sébastien Lavergne  and Wilfried Thuiller  and Justin M. J. Travis },
  title = {Limited evolutionary rescue of locally adapted populations facing climate change},
  journal = {Philosophical Transactions of the Royal Society B: Biological Sciences},
  volume = {368},
  number = {1610},
  pages = {20120083},
  year = {2013},
  doi = {10.1098/rstb.2012.0083}
}

@article{bourne_2014,
author = {Elizabeth C. Bourne  and Greta Bocedi  and Justin M. J. Travis  and Robin J. Pakeman  and Rob W. Brooker  and Katja Schiffers },
title = {Between migration load and evolutionary rescue: dispersal, adaptation and the response of spatially structured populations to environmental change},
journal = {Proceedings of the Royal Society B: Biological Sciences},
volume = {281},
number = {1778},
pages = {20132795},
year = {2014},
doi = {10.1098/rspb.2013.2795}
}


% Empirical examples absolute matching habitat choice

@article{bestion_2015,
    author = {Bestion, Elvire and Clobert, Jean and Cote, Julien},
    title = {Dispersal response to climate change: scaling down to intraspecific variation},
    journal = {Ecology Letters},
    volume = {18},
    number = {11},
    pages = {1226-1233},
    doi = {10.1111/ele.12502},
    year = {2015}
}

@article{bolnick_2009,
  doi = {10.1111/j.1558-5646.2009.00699.x},
  year = {2009},
  publisher = {Wiley},
  volume = {63},
  number = {8},
  pages = {2004--2016},
  author = {Daniel I. Bolnick and Lisa K. Snowberg and Claire Patenia and William E. Stutz and Travis Ingram and On Lee Lau},
  title = {{Phenotype-dependent native habitat preference facilitates divergence between parapatric lake and stream stickleback}},
  journal = {Evolution}
}

@article{jacob_2017,
  doi = {10.1038/s41559-017-0269-5},
  year = {2017},
  publisher = {Springer Nature},
  volume = {1},
  number = {9},
  pages = {1407--1410},
  author = {Staffan Jacob and Delphine Legrand and Alexis S. Chaine and Dries Bonte and Nicolas Schtickzelle and Mich{\`{e}}le Huet and Jean Clobert},
  title = {Gene flow favours local adaptation under habitat choice in ciliate microcosms},
  journal = {Nature Ecology {\&} Evolution}
}

@article{benkman_2017,
  author = {Benkman, Craig W.},
  title = {Matching habitat choice in nomadic crossbills appears most pronounced when food is most limiting},
  journal = {Evolution},
  volume = {71},
  number = {3},
  pages = {778-785},
  doi = {10.1111/evo.13146},
  year = {2017}
}

@article{dreiss_2011,
  doi = {10.1111/j.1420-9101.2011.02407.x},
  year = {2011},
  publisher = {Wiley},
  volume = {25},
  number = {1},
  pages = {103--114},
  author = {A. N. Dreiss and S. Antoniazza and R. Burri and L. Fumagalli and C. Sonnay and C. Frey and J. Goudet and A. Roulin},
  title = {Local adaptation and matching habitat choice in female barn owls with respect to melanic coloration},
  journal = {Journal of Evolutionary Biology}
}

@article{mathieu_2010,
title = {Habitat quality, conspecific density, and habitat pre-use affect the dispersal behaviour of two earthworm species, \textit{Aporrectodea icterica} and \textit{Dendrobaena veneta}, in a mesocosm experiment},
journal = "Soil Biology and Biochemistry",
volume = "42",
number = "2",
pages = "203 - 209",
year = "2010",
doi = "https://doi.org/10.1016/j.soilbio.2009.10.018",
author = {J\'{e}r\^{o}me Mathieu and S\'{e}bastien Barot and Manuel Blouin and Ga\"{e}l Caro and Thibaud Deca\"{e}ns and Florence Dubs and Lise Dupont and Pascal Jouquet and Philippe Nai},
}

% Empirical example for relative matching habitat choice

@article {jacob_2018,
	author = {Jacob, Staffan and Laurent, Estelle and Haegeman, Bart and Bertrand, Romain and Prunier, J{\'e}r{\^o}me G. and Legrand, Delphine and Cote, Julien and Chaine, Alexis S. and Loreau, Michel and Clobert, Jean and Schtickzelle, Nicolas},
	title = {Habitat choice meets thermal specialization: Competition with specialists may drive suboptimal habitat preferences in generalists},
	volume = {115},
	number = {47},
	pages = {11988--11993},
	year = {2018},
	doi = {10.1073/pnas.1805574115},
	publisher = {National Academy of Sciences},
	journal = {Proceedings of the National Academy of Sciences}
}

% Ecological trap
@article{battin_2004,
 author = {James Battin},
 journal = {Conservation Biology},
 number = {6},
 pages = {1482--1491},
 publisher = {[Wiley, Society for Conservation Biology]},
 title = {When Good Animals Love Bad Habitats: Ecological Traps and the Conservation of Animal Populations},
 volume = {18},
 year = {2004}
}

% Empirical examples for density-dependent migration

@Article{stoen_2006,
  author="St{\o}en, Ole-Gunnar and Zedrosser, Andreas and S{\ae}b{\o}, Solve and Swenson, Jon E.",
  title="Inversely density-dependent natal dispersal in brown bears Ursus arctos",
  journal="Oecologia",
  year="2006",
  volume="148",
  number="2",
  pages="356",
  doi="10.1007/s00442-006-0384-5"
}

@article{meester2010,
    author = {De Meester, Nele and Bonte, Dries},
    title = "{Information use and density-dependent emigration in an agrobiont spider}",
    journal = {Behavioral Ecology},
    volume = {21},
    number = {5},
    pages = {992-998},
    year = {2010},
    doi = {10.1093/beheco/arq088}
}

@article{endriss_2019,
    author = {Endriss, Stacy B. and Vahsen, Megan L. and Bitume, Ellyn V. and Grey Monroe, J. and Turner, Kathryn G. and Norton, Andrew P. and Hufbauer, Ruth A.},
    title = {The importance of growing up: juvenile environment influences dispersal of individuals and their neighbours},
    journal = {Ecology Letters},
    volume = {22},
    number = {1},
    pages = {45-55},
    doi = {10.1111/ele.13166},
    year = {2019}
}

@article{turgeon_2012,
  doi = {10.1111/j.1365-2656.2012.01990.x},
  year = {2012},
  publisher = {Wiley},
  volume = {81},
  number = {6},
  pages = {1161--1170},
  author = {Katrine Turgeon and Donald L. Kramer},
  title = {Compensatory immigration depends on adjacent population size and habitat quality but not on landscape connectivity},
  journal = {Journal of Animal Ecology}
}

@article{wilson_2017,
    author="Wilson, Scott and McKellar, Ann E. and Reudink, Matthew W. and Marra, Peter P. and Ratcliffe, Laurene M.",
    title="Density-dependent immigration promotes population stability in a long-distance migratory bird",
    journal="Population Ecology",
    year="2017",
    volume="59",
    number="2",
    pages="169--178",
    doi="10.1007/s10144-017-0582-5"
}

@article{gautier_2006,
  doi = {10.1007/s00265-005-0130-8},
  year = {2006},
  publisher = {Springer Nature},
  volume = {59},
  number = {6},
  pages = {836--841},
  author = {Patrick Gautier and Kurtulus Olgun and Nazan Uzum and Claude Miaud},
  title = {Gregarious behaviour in a salamander: attraction to conspecific chemical cues in burrow choice},
  journal = {Behavioral Ecology and Sociobiology}
}

@article{folt_2018,
  doi = {10.1002/ece3.3748},
  year = {2018},
  publisher = {Wiley},
  volume = {8},
  number = {5},
  pages = {2880--2889},
  author = {Brian Folt and Maureen A. Donnelly and Craig Guyer},
  title = {Spatial patterns of the frog \textit{Oophaga pumilio} in a plantation system are consistent with conspecific attraction},
  journal = {Ecology and Evolution}
}

@Article{greene_2016,
    author="Greene, Kathryn M. and Pittman, Shannon E. and Dorcas, Michael E.",
    title="The effects of conspecifics on burrow selection in juvenile spotted salamanders (Ambystoma maculatum)",
    journal="Journal of Ethology",
    year="2016",
    volume="34",
    number="3",
    pages="309--314",
    doi="10.1007/s10164-016-0476-6"
}

% Review non-random gene flow
@article{edelaar_2012,
  doi = {10.1016/j.tree.2012.07.009},
  year = {2012},
  volume = {27},
  number = {12},
  pages = {659--665},
  author = {Pim Edelaar and Daniel I. Bolnick},
  title = {Non-random gene flow: an underappreciated force in evolution and ecology},
  journal = {Trends in Ecology {\&} Evolution}
}

@article{edelaar_2008,
    author = {Edelaar, Pim and Siepielski, Adam M. and Clobert, Jean},
    title = {MATCHING HABITAT CHOICE CAUSES DIRECTED GENE FLOW: A NEGLECTED DIMENSION IN EVOLUTION AND ECOLOGY},
    journal = {Evolution},
    volume = {62},
    number = {10},
    pages = {2462-2472},
    doi = {10.1111/j.1558-5646.2008.00459.x},
    year = {2008}
}

@article{clobert_2009,
    author = {Clobert, Jean and Le Galliard, Jean-Fran\c{c}ois and Cote, Julien and Meylan, Sandrine and Massot, Manuel},
    title = {Informed dispersal, heterogeneity in animal dispersal syndromes and the dynamics of spatially structured populations},
    journal = {Ecology Letters},
    volume = {12},
    number = {3},
    pages = {197-209},
    doi = {10.1111/j.1461-0248.2008.01267.x},
    year = {2009}
}

% Evol rescue general

@article{carlson_2014,
  doi = {10.1016/j.tree.2014.06.005},
  year = {2014},
  publisher = {Elsevier {BV}},
  volume = {29},
  number = {9},
  pages = {521--530},
  author = {Stephanie M. Carlson and Curry J. Cunningham and Peter A.H. Westley},
  title = {Evolutionary rescue in a changing world},
  journal = {Trends in Ecology {\&} Evolution}
}

@article{alexander_2014,
  doi = {10.1111/eva.12221},
  year = {2014},
  publisher = {Wiley},
  volume = {7},
  number = {10},
  pages = {1161--1179},
  author = {Helen K. Alexander and Guillaume Martin and Oliver Y. Martin and Sebastian Bonhoeffer},
  title = {Evolutionary rescue: linking theory for conservation and medicine},
  journal = {Evolutionary Applications}
}

@article{bell_2017,
  doi = {10.1146/annurev-ecolsys-110316-023011},
  year = {2017},
  publisher = {Annual Reviews},
  volume = {48},
  number = {1},
  pages = {605--627},
  author = {Graham Bell},
  title = {Evolutionary Rescue},
  journal = {Annual Review of Ecology,  Evolution,  and Systematics}
}

@article{gomulkiewicz_1995,
  doi = {10.2307/2410305},
  year = {1995},
  publisher = {Wiley},
  volume = {49},
  number = {1},
  pages = {201},
  author = {Richard Gomulkiewicz and Robert D. Holt},
  title = {When does Evolution by Natural Selection Prevent Extinction?},
  journal = {Evolution}
}

% Evol Rescue examples

@article{kreiner_2018,
  doi = {10.1146/annurev-arplant-042817-040038},
  year = {2018},
  publisher = {Annual Reviews},
  volume = {69},
  number = {1},
  pages = {611--635},
  author = {Julia M. Kreiner and John R. Stinchcombe and Stephen I. Wright},
  title = {Population Genomics of Herbicide Resistance: Adaptation via Evolutionary Rescue},
  journal = {Annual Review of Plant Biology}
}

@article{digiallonardo_2015,
  doi = {10.1016/j.tim.2014.10.004},
  year = {2015},
  publisher = {Elsevier},
  volume = {23},
  number = {2},
  pages = {83--90},
  author = {Di Giallonardo, Francesca and Edward C. Holmes},
  title = {Viral biocontrol: grand experiments in disease emergence and evolution},
  journal = {Trends in Microbiology}
}

@article{epstein_2016,
  doi = {10.1038/ncomms12684},
  year = {2016},
  publisher = {Springer Science and Business Media {LLC}},
  volume = {7},
  number = {1},
  author = {Brendan Epstein and Menna Jones and Rodrigo Hamede and Sarah Hendricks and Hamish McCallum and Elizabeth P. Murchison and Barbara Sch\"{o}nfeld and Cody Wiench and Paul Hohenlohe and Andrew Storfer},
  title = {Rapid evolutionary response to a transmissible cancer in Tasmanian devils},
  journal = {Nature Communications}
}


@article{bell_2011,
  doi = {10.1126/science.1203105},
  year = {2011},
  publisher = {American Association for the Advancement of Science ({AAAS})},
  volume = {332},
  number = {6035},
  pages = {1327--1330},
  author = {Graham Bell and Andrew Gonzalez},
  title = {Adaptation and Evolutionary Rescue in Metapopulations Experiencing Environmental Deterioration},
  journal = {Science}
}

@article{lachapelle_2012,
author = {Lachapelle, Josianne and Bell, Graham},
title = {EVOLUTIONARY RESCUE OF SEXUAL AND ASEXUAL POPULATIONS IN A DETERIORATING ENVIRONMENT},
journal = {Evolution},
volume = {66},
number = {11},
pages = {3508-3518},
keywords = {Adaptation, Chlamydomonas, experimental evolution, genetic variation, recombination, salt stress},
doi = {10.1111/j.1558-5646.2012.01697.x},
year = {2012}
}

@article{lindsey_2013,
author= {Lindsey, H.A. and J. Gallie and S. Taylor and B. Kerr},
title={Evolutionary rescue from extinction is contingent on a lower rate of environmental change},
journal={Nature},
year={2013},
volume={494},
pages={463-468}
}

@article{stelkens_2014,
author = {Stelkens, Rike B. and Brockhurst, Michael A. and Hurst, Gregory D. D. and Greig, Duncan},
title = {Hybridization facilitates evolutionary rescue},
journal = {Evolutionary Applications},
volume = {7},
number = {10},
pages = {1209-1217},
keywords = {evolutionary rescue, extinction, genetic variation, global change, hybridization, Saccharomyces},
doi = {10.1111/eva.12214},
year = {2014}
}

@article{ramsayer_2013,
  author = {Ramsayer, Johan and Kaltz, Oliver and Hochberg, Michael E.},
  title = {Evolutionary rescue in populations of Pseudomonas fluorescens across an antibiotic gradient},
  journal = {Evolutionary Applications},
  volume = {6},
  number = {4},
  pages = {608-616},
  doi = {10.1111/eva.12046},
  year = {2013}
}

@article{vanderwal_2012,
  doi = {10.1098/rstb.2012.0090},
  year = {2012},
  publisher = {The Royal Society},
  volume = {368},
  number = {1610},
  pages = {20120090--20120090},
  author = {Vander Wal, E. and D. Garant and M. Festa-Bianchet and F. Pelletier},
  title = {Evolutionary rescue in vertebrates: evidence,  applications and uncertainty},
  journal = {Philosophical Transactions of the Royal Society B: Biological Sciences}
}

@article{poirier_2018,
  doi = {10.1111/eva.12706},
  year = {2018},
  publisher = {Wiley},
  author = {Marc-Antoine Poirier and David W. Coltman and Fanie Pelletier and Jon Jorgenson and Marco Festa-Bianchet},
  title = {Genetic decline,  restoration and rescue of an isolated ungulate population},
  journal = {Evolutionary Applications}
}

@article{gignoux_2018,
  doi = {10.1101/470294},
  year = {2018},
  publisher = {Cold Spring Harbor Laboratory},
  author = {Sarah A Gignoux-Wolfsohn and Malin Pinsky and Kathleen Kerwin and Carl Herzog and Mackenzie Hall and Alyssa Bennett and Nina Fefferman and Brooke Maslo},
  title = {Genomic signatures of evolutionary rescue in bats surviving white-nose syndrome},
  journal = {bioRxiv}
}

@article{agashe_2011,
  doi = {10.1111/j.1558-5646.2011.01307.x},
  year = {2011},
  publisher = {Wiley},
  volume = {65},
  number = {9},
  pages = {2481--2491},
  author = {Deepa Agashe and Jay J. Falk and Daniel I. Bolnick},
  title = {Effects of founding genetic variation on adaptation to a novel resource},
  journal = {Evolution}
}

@article{bell_2009,
  doi = {10.1111/j.1461-0248.2009.01350.x},
  year = {2009},
  publisher = {Wiley},
  volume = {12},
  number = {9},
  pages = {942--948},
  author = {Graham Bell and Andrew Gonzalez},
  title = {Evolutionary rescue can prevent extinction following environmental change},
  journal = {Ecology Letters}
}

@article{guzella_2018,
    author = {Guzella, Thiago S. AND Dey, Snigdhadip AND Chelo, Ivo M. AND Pino-Querido, Ania AND Pereira, Veronica F. AND Proulx, Stephen R. AND Teot\'{o}nio, Henrique},
    journal = {PLOS Genetics},
    publisher = {Public Library of Science},
    title = {Slower environmental change hinders adaptation from standing genetic variation},
    year = {2018},
    month = {11},
    volume = {14},
    pages = {1-28},
    number = {11},
    doi = {10.1371/journal.pgen.1007731}
}

% Dispersal, gene flow, 

@article{bowler_2005,
  author = {Bowler, Diana E. and Benton, Tim G.},
  title = {Causes and consequences of animal dispersal strategies: relating individual behaviour to spatial dynamics},
  journal = {Biological Reviews},
  volume = {80},
  number = {2},
  pages = {205-225},
  doi = {10.1017/S1464793104006645},
  year = {2005}
}

@article{ronce_2007,
  author = {Ronce, Oph\'{e}lie},
  title = {How Does It Feel to Be Like a Rolling Stone? Ten Questions About Dispersal Evolution},
  journal = {Annual Review of Ecology, Evolution, and Systematics},
  volume = {38},
  number = {1},
  pages = {231-253},
  year = {2007},
  doi = {10.1146/annurev.ecolsys.38.091206.095611}
}

@article{rosenzweig_1981,
    author = {Michael L. Rosenzweig},
    journal = {Ecology},
    number = {2},
    pages = {327--335},
    publisher = {Ecological Society of America},
    title = {A Theory of Habitat Selection},
    volume = {62},
    year = {1981}
}

% Climate change
@article{bellard_2012,
  doi = {10.1111/j.1461-0248.2011.01736.x},
  year = {2012},
  publisher = {Wiley},
  volume = {15},
  number = {4},
  pages = {365--377},
  author = {C{\'{e}}line Bellard and Cleo Bertelsmeier and Paul Leadley and Wilfried Thuiller and Franck Courchamp},
  title = {Impacts of climate change on the future of biodiversity},
  journal = {Ecology Letters}
}

@article{garcia_2014,
  doi = {10.1126/science.1247579},
  year = {2014},
  publisher = {American Association for the Advancement of Science ({AAAS})},
  volume = {344},
  number = {6183},
  pages = {1247579--1247579},
  author = {R. A. Garcia and M. Cabeza and C. Rahbek and M. B. Araujo},
  title = {Multiple Dimensions of Climate Change and Their Implications for Biodiversity},
  journal = {Science}
}

@article{diniz_2019,
  doi = {10.1111/ecog.04264},
  year = {2019},
  publisher = {Wiley},
  author = {Jos{\'{e}} Alexandre F. Diniz-Filho and Kelly S. Souza and Luis M. Bini and Rafael Loyola and Ricardo Dobrovolski and Jo{\~{a}}o Fabricio M. Rodrigues and S. Lima-Ribeiro and Levi C. Terribile and Thiago F. Rangel and Igor Bione and Roniel Freitas and Iber{\^{e}} F. Machado and Tain{\'{a}} Rocha and Maria L. Lorini and Mariana M. Vale and Carlos A. Navas and Natan M. Maciel and Fabricio Villalobos and Miguel A. Olalla-Tarraga and Sidney Gouveia},
  title = {A macroecological approach to evolutionary rescue and adaptation to climate change},
  journal = {Ecography}
}

@article{woodson_2018,
  doi = {10.1111/conl.12609},
  year = {2018},
  publisher = {Wiley},
  volume = {12},
  number = {2},
  pages = {e12609},
  author = {C. Brock Woodson and Fiorenza Micheli and Charles Boch and Maha Al-Najjar and Antonio Espinoza and Arturo Hernandez and Leonardo V{\'{a}}zquez-Vera and Andrea Saenz-Arroyo and Stephen G. Monismith and Jorge Torre},
  title = {Harnessing marine microclimates for climate change adaptation and marine conservation},
  journal = {Conservation Letters}
}

@article{hoffmann_2011,
  doi = {10.1038/nature09670},
  year = {2011},
  publisher = {Springer Nature},
  volume = {470},
  number = {7335},
  pages = {479--485},
  author = {Ary A. Hoffmann and Carla M. Sgr{\`{o}}},
  title = {Climate change and evolutionary adaptation},
  journal = {Nature}
}

@article{travis_2013,
  author = {Travis, Justin M. J. and Delgado, Maria and Bocedi, Greta and Baguette, Michel and Barto\'{n}, Kamil and Bonte, Dries and Boulangeat, Isabelle and Hodgson, Jenny A. and Kubisch, Alexander and Penteriani, Vincenzo and Saastamoinen, Marjo and Stevens, Virginie M. and Bullock, James M.},
  title = {Dispersal and species' responses to climate change},
  journal = {Oikos},
  volume = {122},
  number = {11},
  pages = {1532-1540},
  doi = {10.1111/j.1600-0706.2013.00399.x},
  year = {2013}
}

@article{thompson_2019,
	author = {Thompson, Patrick L. and Fronhofer, Emanuel A.},
	title = {The conflict between adaptation and dispersal for maintaining biodiversity in changing environments},
	elocation-id = {490722},
	year = {2019},
	doi = {10.1101/490722},
	publisher = {Cold Spring Harbor Laboratory},
	journal = {bioRxiv}
}

% Source-sink dynamics

@article{holt_1985,
  title = "Population dynamics in two-patch environments: Some anomalous consequences of an optimal habitat distribution",
  journal = "Theoretical Population Biology",
  volume = "28",
  number = "2",
  pages = "181 - 208",
  year = "1985",
  doi = "https://doi.org/10.1016/0040-5809(85)90027-9",
  author = "Robert D. Holt"
}

@article{pulliam_1988,
 author = {H. Ronald Pulliam},
 journal = {The American Naturalist},
 number = {5},
 pages = {652--661},
 publisher = {[University of Chicago Press, American Society of Naturalists]},
 title = {Sources, Sinks, and Population Regulation},
 volume = {132},
 year = {1988}
}

@article{amarasekare_2004,
  title = "The role of density-dependent dispersal in source–sink dynamics",
  journal = "Journal of Theoretical Biology",
  volume = "226",
  number = "2",
  pages = "159 - 168",
  year = "2004",
  doi = "https://doi.org/10.1016/j.jtbi.2003.08.007",
  author = "Priyanga Amarasekare"
}

@article{amarasekare_2001,
  author = {Amarasekare, Priyanga and Nisbet, Roger M.},
  title = {Spatial Heterogeneity, Source-Sink Dynamics, and the Local Coexistence of Competing Species.},
  journal = {The American Naturalist},
  volume = {158},
  number = {6},
  pages = {572-584},
  year = {2001},
  doi = {10.1086/323586}
}

@Article{holt_1992,
  author="Holt, Robert D. and Gaines, Michael S.",
  title="Analysis of adaptation in heterogeneous landscapes: Implications for the evolution of fundamental niches",
  journal="Evolutionary Ecology",
  year="1992",
  volume="6",
  number="5",
  pages="433--447",
  doi="10.1007/BF02270702"
}

@article{holt_1997,
  author = {Holt, Robert D. and Gomulkiewicz, Richard},
  title = {How Does Immigration Influence Local Adaptation? A Reexamination of a Familiar Paradigm},
  journal = {The American Naturalist},
  volume = {149},
  number = {3},
  pages = {563-572},
  year = {1997},
  doi = {10.1086/286005}
}

@Article{kawecki_1995,
  author="Kawecki, Tadeusz J.",
  title="Demography of source---sink populations and the evolution of ecological niches",
  journal="Evolutionary Ecology",
  year="1995",
  volume="9",
  number="1",
  pages="38--44",
  doi="10.1007/BF01237695"
}

@article{kawecki_2002,
  doi = {10.1086/341519},
  year = {2002},
  publisher = {University of Chicago Press},
  volume = {160},
  number = {3},
  pages = {333--347},
  author = {Tadeusz J. Kawecki and Robert D. Holt},
  title = {Evolutionary Consequences of Asymmetric Dispersal Rates},
  journal = {The American Naturalist}
}

@article{ronce_2001,
  author = {Ronce, Oph\'{e}lie and Kirkpatrick, Mark},
  title = {When sources become sinks: migrational meltdown in heterogeneous habitats},
  journal = {Evolution},
  volume = {55},
  number = {8},
  pages = {1520-1531},
  doi = {10.1111/j.0014-3820.2001.tb00672.x},
  year = {2001}
}

@article{holt_1996,
  title = {Adaptive evolution in source-sink environments: Direct and indirect effects of density-dependence on niche evolution},
  author = {Robert D. Holt},
  year = {1996},
  journal = {Oikos},
  volume = {75},
  number = {2},
  pages = {182-192}
}	

@article{kawecki_2000,
  doi = {10.1098/rspb.2000.1144},
  year = {2000},
  publisher = {The Royal Society},
  volume = {267},
  number = {1450},
  pages = {1315--1320},
  author = {Tadeusz J. Kawecki},
  title = {Adaptation to marginal habitats: contrasting influence of the dispersal rate on the fate of alleles with small and large effects},
  journal = {Proceedings of the Royal Society of London. Series B: Biological Sciences}
}

@article{gomulkiewicz_1999,
  title = "The Effects of Density Dependence and Immigration on Local Adaptation and Niche Evolution in a Black-Hole Sink Environment",
  journal = "Theoretical Population Biology",
  volume = "55",
  number = "3",
  pages = "283 - 296",
  year = "1999",
  doi = "10.1006/tpbi.1998.1405",
  author = "Richard Gomulkiewicz and Robert D. Holt and Michael Barfield"
}

% Range expansion

@article{kirkpatrick_1997,
  author = {Kirkpatrick, Mark and Barton, N. H.},
  title = {Evolution of a Species' Range},
  journal = {The American Naturalist},
  volume = {150},
  number = {1},
  pages = {1-23},
  year = {1997},
  doi = {10.1086/286054}
}

@article{garcia_1997,
  doi = {10.2307/2410956},
  year = {1997},
  publisher = {Society for the Study of Evolution, Wiley},
  volume = {51},
  number = {1},
  pages = {21},
  author = {Gisela Garc\'{i}a-Ramos and Mark Kirkpatrick},
  title = {Genetic Models of Adaptation and Gene Flow in Peripheral Populations},
  journal = {Evolution}
}

% Evolution habitat choice

@article{ravigne_2009,
  author = {Ravign\'{e}, Virginie and Dieckmann, Ulf and Olivieri, Isabelle},
  title = {Live Where You Thrive: Joint Evolution of Habitat Choice and Local Adaptation Facilitates Specialization and Promotes Diversity.},
  journal = {The American Naturalist},
  volume = {174},
  number = {4},
  pages = {E141-E169},
  year = {2009},
  doi = {10.1086/605369}
}

@Article{rosenzweig_1987,
  author="Rosenzweig, Michael L.",
  title="Habitat selection as a source of biological diversity",
  journal="Evolutionary Ecology",
  year="1987",
  volume="1",
  number="4",
  pages="315--330",
  doi="10.1007/BF02071556"
}

@article{rice_1990,
    author = {Rice, William R. and Salt, George W.},
    title = {THE EVOLUTION OF REPRODUCTIVE ISOLATION AS A CORRELATED CHARACTER UNDER SYMPATRIC CONDITIONS: EXPERIMENTAL EVIDENCE},
    journal = {Evolution},
    volume = {44},
    number = {5},
    pages = {1140-1152},
    doi = {10.1111/j.1558-5646.1990.tb05221.x},
    year = {1990}
}

@article{berner_2015,
    author = {Berner, D. and Thibert-Plante, X.},
    title = {How mechanisms of habitat preference evolve and promote divergence with gene flow},
    journal = {Journal of Evolutionary Biology},
    volume = {28},
    number = {9},
    pages = {1641-1655},
    doi = {10.1111/jeb.12683},
    year = {2015}
}

% Empirical examples adaptation and dispersal
@article{storfer_1998,
  author = {Storfer, Andrew and Sih, Andrew},
  title = {Gene flow and ineffective antipredator behavior in a stream-breeding salamander},
  journal = {Evolution},
  volume = {52},
  number = {2},
  pages = {558-565},
  doi = {10.1111/j.1558-5646.1998.tb01654.x},
  year = {1998}
}

@article{fedorka_2012,
  author = {Fedorka, K. M. and Winterhalter, W. E. and Shaw, K. L. and Brogan, W. R. and Mousseau, T. A.},
  title = {The role of gene flow asymmetry along an environmental gradient in constraining local adaptation and range expansion},
  journal = {Journal of Evolutionary Biology},
  volume = {25},
  number = {8},
  pages = {1676-1685},
  doi = {10.1111/j.1420-9101.2012.02552.x},
  year = {2012}
}

@article{gallet_2018,
  author = {Gallet, Romain and Froissart, R\'{e}my and Ravign\'{e}, Virginie},
  title = {Experimental demonstration of the impact of hard and soft selection regimes on polymorphism maintenance in spatially heterogeneous environments†},
  journal = {Evolution},
  volume = {72},
  number = {8},
  pages = {1677-1688},
  doi = {10.1111/evo.13513},
  year = {2018}
}
